<record xmlns='http://www.loc.gov/MARC21/slim'><leader>01285cim a22003492u 4500</leader><controlfield tag='001'>3600213</controlfield><controlfield tag='005'>20151214182524.0</controlfield><controlfield tag='007'>ss|lmnjluz|nuu</controlfield><controlfield tag='008'>991101s1986    nyunnn         l    eng d</controlfield><datafield ind1=' ' ind2=' ' tag='035'><subfield code='a'>(NIC)notisASF7278</subfield></datafield><datafield ind1=' ' ind2=' ' tag='035'><subfield code='a'>3600213</subfield></datafield><datafield ind1=' ' ind2=' ' tag='035'><subfield code='a'>(OCoLC)63895715</subfield></datafield><datafield ind1=' ' ind2=' ' tag='040'><subfield code='a'>NIC</subfield><subfield code='c'>NIC</subfield><subfield code='d'>NIC</subfield><subfield code='d'>NIC</subfield></datafield><datafield ind1='1' ind2=' ' tag='100'><subfield code='a'>Kishwar, Madhu.</subfield></datafield><datafield ind1='1' ind2='4' tag='245'><subfield code='a'>The women&apos;s movement in India</subfield><subfield code='h'>[sound recording]</subfield></datafield><datafield ind1=' ' ind2=' ' tag='260'><subfield code='c'>1986.</subfield></datafield><datafield ind1=' ' ind2=' ' tag='300'><subfield code='a'>2 sound cassettes (100 min.) :</subfield><subfield code='b'>analog, mono.</subfield></datafield><datafield ind1=' ' ind2=' ' tag='500'><subfield code='a'>Recorded in Ithaca, NY by Cornell University.</subfield></datafield><datafield ind1=' ' ind2=' ' tag='500'><subfield code='a'>Sponsored by: Cornell India Association.</subfield></datafield><datafield ind1=' ' ind2=' ' tag='500'><subfield code='a'>Speaker(s): Editor of &quot;Manushi&quot;.</subfield></datafield><datafield ind1=' ' ind2=' ' tag='518'><subfield code='a'>Lecture, July 31, 1986.</subfield></datafield><datafield ind1=' ' ind2=' ' tag='520'><subfield code='a'>Kishwar describes the goals and works of &quot;Manushi,&quot; an Indian journal about women and society, and answers questions concerning civil rights problems in India.</subfield></datafield><datafield ind1=' ' ind2='0' tag='651'><subfield code='a'>India</subfield><subfield code='x'>Social conditions.</subfield></datafield><datafield ind1=' ' ind2='0' tag='650'><subfield code='a'>Women&apos;s rights</subfield><subfield code='z'>India.</subfield></datafield><datafield ind1=' ' ind2='0' tag='650'><subfield code='a'>Minorities</subfield><subfield code='z'>India.</subfield></datafield><datafield ind1=' ' ind2='7' tag='650'><subfield code='a'>Minorities</subfield><subfield code='2'>fast</subfield><subfield code='0'>(OCoLC)fst01023088</subfield></datafield><datafield ind1=' ' ind2='7' tag='650'><subfield code='a'>Social history</subfield><subfield code='2'>fast</subfield><subfield code='0'>(OCoLC)fst01122498</subfield></datafield><datafield ind1=' ' ind2='7' tag='650'><subfield code='a'>Women&apos;s rights</subfield><subfield code='2'>fast</subfield><subfield code='0'>(OCoLC)fst01178818</subfield></datafield><datafield ind1=' ' ind2='7' tag='651'><subfield code='a'>India</subfield><subfield code='2'>fast</subfield><subfield code='0'>(OCoLC)fst01210276</subfield></datafield><datafield ind1='1' ind2=' ' tag='899'><subfield code='a'>CULectures</subfield></datafield><datafield ind1=' ' ind2=' ' tag='905'><subfield code='a'>20000414120000.0</subfield></datafield><datafield ind1='2' ind2=' ' tag='948'><subfield code='a'>20141221</subfield><subfield code='b'>m</subfield><subfield code='d'>batch</subfield><subfield code='e'>lts</subfield><subfield code='x'>addfast</subfield></datafield></record>